<record><leader>00000cas a22000007a 4500</leader><controlfield tag="001">11664867</controlfield><controlfield tag="008">850206d17901792mduwr ne      0    0eng d</controlfield><datafield ind1=" " ind2=" " tag="010"><subfield code="a">sn 85025330 </subfield></datafield><datafield ind1=" " ind2=" " tag="040"><subfield code="a">NPX</subfield><subfield code="b">eng</subfield><subfield code="c">NPX</subfield><subfield code="d">MFN</subfield><subfield code="d">MGN</subfield><subfield code="d">OCLCQ</subfield></datafield><datafield ind1=" " ind2=" " tag="042"><subfield code="a">msc</subfield></datafield><datafield ind1="0" ind2="4" tag="245"><subfield code="a">The Maryland gazette, and Frederick weekly advertiser.</subfield></datafield><datafield ind1="3" ind2="0" tag="246"><subfield code="a">Frederick weekly advertiser</subfield></datafield><datafield ind1="3" ind2="0" tag="246"><subfield code="a">Maryland gazette, and Frederick-Town weekly advertiser</subfield></datafield><datafield ind1=" " ind2=" " tag="260"><subfield code="a">Frederick-Town [Md.] :</subfield><subfield code="b">John Winter</subfield></datafield><datafield ind1=" " ind2=" " tag="300"><subfield code="a">v.</subfield></datafield><datafield ind1=" " ind2=" " tag="310"><subfield code="a">Weekly</subfield></datafield><datafield ind1="1" ind2=" " tag="362"><subfield code="a">Began in 1790; ceased in 1792?</subfield></datafield><datafield ind1=" " ind2=" " tag="500"><subfield code="a">Published as: The Maryland gazette, and Frederick-Town weekly advertiser, &lt;July 5-Oct. 4, 1791&gt;.</subfield></datafield><datafield ind1=" " ind2=" " tag="588"><subfield code="a">Description based on: Vol. 1, no. 30 (Sept. 11, 1790).</subfield></datafield><datafield ind1=" " ind2=" " tag="752"><subfield code="a">United States</subfield><subfield code="b">Maryland</subfield><subfield code="c">Frederick</subfield><subfield code="d">Frederick.</subfield></datafield><datafield ind1="0" ind2="0" tag="785"><subfield code="t">Bartgis's Maryland gazette, and Frederick-Town weekly advertiser</subfield><subfield code="w">(DLC)sn 89060217</subfield></datafield></record>